<record><leader>00000cas a22000007a 4500</leader><controlfield tag="001">13663883</controlfield><controlfield tag="008">860530d19021942okuwr n       0    0eng d</controlfield><datafield ind1=" " ind2=" " tag="010"><subfield code="a">sn 86063914 </subfield></datafield><datafield ind1=" " ind2=" " tag="040"><subfield code="a">KSH</subfield><subfield code="b">eng</subfield><subfield code="c">KSH</subfield><subfield code="d">NPT</subfield><subfield code="d">OBN</subfield><subfield code="d">OCLCQ</subfield><subfield code="d">OCLCO</subfield></datafield><datafield ind1="1" ind2=" " tag="029"><subfield code="a">AU@</subfield><subfield code="b">000025817132</subfield></datafield><datafield ind1=" " ind2=" " tag="042"><subfield code="a">msc</subfield></datafield><datafield ind1=" " ind2=" " tag="043"><subfield code="a">n-us-ok</subfield></datafield><datafield ind1="0" ind2=" " tag="130"><subfield code="a">Braman leader (Braman, Okla. : 1902)</subfield></datafield><datafield ind1="1" ind2="4" tag="245"><subfield code="a">The Braman leader.</subfield></datafield><datafield ind1="3" ind2=" " tag="246"><subfield code="a">Leader, Braman, Oklahoma</subfield></datafield><datafield ind1=" " ind2=" " tag="260"><subfield code="a">Braman, Kay County, Okla. :</subfield><subfield code="b">Leader Pr't'g Co.</subfield></datafield><datafield ind1=" " ind2=" " tag="300"><subfield code="a">v.</subfield></datafield><datafield ind1=" " ind2=" " tag="310"><subfield code="a">Weekly</subfield></datafield><datafield ind1="1" ind2=" " tag="362"><subfield code="a">Began in 1902; ceased in 1942.</subfield></datafield><datafield ind1=" " ind2=" " tag="588"><subfield code="a">Description based on: Vol. 3, no. 2 (Oct. 28, 1904).</subfield></datafield><datafield ind1=" " ind2="0" tag="651"><subfield code="a">Braman (Okla.)</subfield><subfield code="v">Newspapers.</subfield></datafield><datafield ind1=" " ind2="0" tag="651"><subfield code="a">Kay County (Okla.)</subfield><subfield code="v">Newspapers.</subfield></datafield><datafield ind1=" " ind2=" " tag="752"><subfield code="a">United States</subfield><subfield code="b">Oklahoma</subfield><subfield code="c">Kay</subfield><subfield code="d">Braman.</subfield></datafield><datafield ind1="0" ind2="5" tag="780"><subfield code="t">Braman star</subfield><subfield code="w">(DLC)sn 97064822</subfield><subfield code="w">(OCoLC)36803454</subfield></datafield></record>